<?xml version="1.0" encoding="UTF-8"?><collection xmlns="http://www.loc.gov/MARC21/slim"><record><leader>00383nam--2200133-i-4500</leader><controlfield tag="001">000037832</controlfield><controlfield tag="002">20161230</controlfield><controlfield tag="005">20161230201041</controlfield><controlfield tag="008">060222s1000------------r-----000-0-eng-d</controlfield><datafield ind1=" " ind2=" " tag="080"><subfield code="a">541.127</subfield></datafield><datafield ind1=" " ind2=" " tag="100"><subfield code="a">Ranganathan, Darshan And Ranganathan, Subramania</subfield></datafield><datafield ind1=" " ind2=" " tag="245"><subfield code="a">Challenging problems in organic reaction mechanisms</subfield></datafield><datafield ind1=" " ind2=" " tag="260"><subfield code="a">New York, Acad.Press, Inc., 1972, 160p</subfield></datafield><datafield ind1=" " ind2=" " tag="852"><subfield code="a">41652</subfield></datafield></record></collection>